@misc{DLake01,
	author = {FAQS SOPORTE},
	title = {sql advantages 2008},
	year = {ne},
	howpublished = {Recuperado de  {https://www.edydsi.com/index.php?faq-sopo-sql-server-2008-ventajas}},
	note = {Accedido 18-08-2019}
}

@misc{DLake02,
	author = {FAQS SOPORTE},
	title = {the disadvantages sql 2008},
	year = {ne},
	howpublished = {Recuperado de  {https://www.edydsi.com/index.php?faq-sopo-sql-server-2008-desventajas}},
	note = {Accedido 18-08-2019}
}


@misc{DWarehouse01,
	author = {Donald D. Chamberlin},
	title = {ISO/IEC 9075-1:2008},
	year = {ne},
	howpublished = {Recuperado de  {https://www.virtuniversidad.com/greenstone/collect/informatica
	/archives/HASH87f2.dir/doc.pdf}},
	note = {Accedido 17-08-2019}
}

@misc{DWarehouse02,
	author = {Microsoft},
	title = {SQL Server Transact-SQL ISO/IEC 9075-2 Standards Support Document},
	year = {ne},
	howpublished = {Recuperado de  {https://docs.microsoft.com/en-us-openspecs-sqlstandards}},
	note = {Accedido 18-08-2019}
}



